<collection xmlns="http://www.loc.gov/MARC21/slim">
<record>
  <leader>02746nam0a22003731i 450 </leader>
  <controlfield tag="001">IT\ICCU\CNCE\047401</controlfield>
  <controlfield tag="005">20150310000000.0</controlfield>
  <datafield tag="100" ind1=" " ind2=" ">
    <subfield code="a">19990222g15651572    0itac0103    ba</subfield>
  </datafield>
  <datafield tag="101" ind1=" " ind2=" ">
    <subfield code="a">ITA</subfield>
  </datafield>
  <datafield tag="102" ind1=" " ind2=" ">
    <subfield code="a">IT</subfield>
  </datafield>
  <datafield tag="200" ind1="1" ind2=" ">
    <subfield code="a">Parafrase di m. Alessandro Piccolomini nel primo \-terzo! libro della Retorica d&apos;Aristotele</subfield>
  </datafield>
  <datafield tag="210" ind1=" " ind2=" ">
    <subfield code="a">In Venetia</subfield>
    <subfield code="d">1565-1572</subfield>
  </datafield>
  <datafield tag="215" ind1=" " ind2=" ">
    <subfield code="a">3 v.</subfield>
    <subfield code="d">4ʻ</subfield>
  </datafield>
  <datafield tag="300" ind1=" " ind2=" ">
    <subfield code="a">ANNULLATA: corrisponde a 40356, 23646, 40402; non si tratta di un&apos;unica ed., non esiste un frontespizio generale1: Copiosissima parafrase, di m. Alessandro Piccolomini, nel primo libro della Retorica d&apos;Aristotele... - In Venetia : per Giouanni Varisco,e compagni, 1565.2: Piena, et larga parafrase, di m. Alessandro Piccolomini, nel secondo libro della Retorica d&apos;Aristotele... - In Venetia : appresso Gio. Francesco Camotio, al segno della piramide, 1569.3: Piena, et larga parafrase, di m. AlessandroPiccolomini, nel terzo libro della Retorica d&apos;Aristotele... - In Venetia : per Giouanni Varisco, &amp; compagni, 1572</subfield>
  </datafield>
  <datafield tag="620" ind1=" " ind2=" ">
    <subfield code="a">IT</subfield>
    <subfield code="d">Venezia</subfield>
  </datafield>
  <datafield tag="700" ind1=" " ind2="1">
    <subfield code="a">Piccolomini,</subfield>
    <subfield code="b">Alessandro</subfield>
    <subfield code="3">IT\ICCU\CNCA\000069</subfield>
  </datafield>
  <datafield tag="702" ind1=" " ind2="0">
    <subfield code="a">Aristoteles</subfield>
    <subfield code="3">IT\ICCU\CNCA\000006</subfield>
  </datafield>
  <datafield tag="712" ind1="0" ind2="0">
    <subfield code="a">Varisco, Giovanni &amp; C.</subfield>
    <subfield code="3">IT\ICCU\CNCT\002997</subfield>
    <subfield code="4">650</subfield>
  </datafield>
  <datafield tag="712" ind1="0" ind2="0">
    <subfield code="a">Camocio, Giovanni Francesco</subfield>
    <subfield code="3">IT\ICCU\CNCT\000455</subfield>
    <subfield code="4">650</subfield>
  </datafield>
  <datafield tag="790" ind1=" " ind2="0">
    <subfield code="a">Stordito Intronato</subfield>
    <subfield code="3">IT\ICCU\CNCA\014818</subfield>
    <subfield code="z">Piccolomini, Alessandro</subfield>
  </datafield>
  <datafield tag="790" ind1=" " ind2="0">
    <subfield code="a">Aristotele</subfield>
    <subfield code="3">IT\ICCU\CNCA\018928</subfield>
    <subfield code="z">Aristoteles</subfield>
  </datafield>
  <datafield tag="791" ind1="0" ind2="0">
    <subfield code="a">Guarisco, Giovanni &amp; C.</subfield>
    <subfield code="3">IT\ICCU\CNCT\006428</subfield>
    <subfield code="z">Varisco, Giovanni &amp; C.</subfield>
  </datafield>
  <datafield tag="791" ind1="0" ind2="0">
    <subfield code="a">Camotius, Ioannes Franciscus</subfield>
    <subfield code="3">IT\ICCU\CNCT\003659</subfield>
    <subfield code="z">Camocio, Giovanni Francesco</subfield>
  </datafield>
  <datafield tag="791" ind1="0" ind2="0">
    <subfield code="a">Camozio, Giovanni Francesco</subfield>
    <subfield code="3">IT\ICCU\CNCT\003660</subfield>
    <subfield code="z">Camocio, Giovanni Francesco</subfield>
  </datafield>
  <datafield tag="791" ind1="0" ind2="0">
    <subfield code="a">Camocius, Ioannes Franciscus</subfield>
    <subfield code="3">IT\ICCU\CNCT\004415</subfield>
    <subfield code="z">Camocio, Giovanni Francesco</subfield>
  </datafield>
  <datafield tag="791" ind1="0" ind2="0">
    <subfield code="a">Camotio, Gioan Francesco</subfield>
    <subfield code="3">IT\ICCU\CNCT\004418</subfield>
    <subfield code="z">Camocio, Giovanni Francesco</subfield>
  </datafield>
  <datafield tag="801" ind1=" " ind2="3">
    <subfield code="a">IT</subfield>
    <subfield code="b">ICCU</subfield>
    <subfield code="c">20201115</subfield>
  </datafield>
  <datafield tag="899" ind1=" " ind2=" ">
    <subfield code="a">Biblioteca nazionale centrale. Firenze</subfield>
    <subfield code="1">FI0098</subfield>
    <subfield code="2">CFI CF</subfield>
  </datafield>
  <datafield tag="899" ind1=" " ind2=" ">
    <subfield code="a">Biblioteca universitaria Alessandrina. Roma</subfield>
    <subfield code="1">RM0280</subfield>
    <subfield code="2">RML 01</subfield>
  </datafield>
  <datafield tag="899" ind1=" " ind2=" ">
    <subfield code="a">Biblioteca della Fondazione Luigi Firpo. Centro di studi sul pensiero politico. Torino</subfield>
    <subfield code="1">TO0469</subfield>
    <subfield code="2">TO0 18</subfield>
  </datafield>
  <datafield tag="911" ind1=" " ind2=" ">
    <subfield code="a">sul front. dei v. 1 e 3</subfield>
    <subfield code="9">IT\ICCU\CNCM\000072</subfield>
  </datafield>
  <datafield tag="911" ind1=" " ind2=" ">
    <subfield code="a">sul front. del v. 2</subfield>
    <subfield code="9">IT\ICCU\CNCM\000124</subfield>
  </datafield>
  <datafield tag="921" ind1=" " ind2=" ">
    <subfield code="a">IT\ICCU\CNCM\000072</subfield>
    <subfield code="b">Sirena coronata, bicaudata, che tiene le due code alzate con le mani (la destra in alto, la sinistra in basso). In cornice figurata</subfield>
    <subfield code="c">V502</subfield>
    <subfield code="c">Z1094</subfield>
    <subfield code="d">Dimensioni: 5,5 x 6,5</subfield>
    <subfield code="f">SIRENA</subfield>
    <subfield code="g">1560-1600</subfield>
  </datafield>
  <datafield tag="921" ind1=" " ind2=" ">
    <subfield code="a">IT\ICCU\CNCM\000124</subfield>
    <subfield code="b">Piramide sostenuta da sfere poggia su un basamento. Tra la piramide e la base spunta una testa di serpente.</subfield>
    <subfield code="e">Prudentia perpetuat.</subfield>
    <subfield code="c">V304</subfield>
    <subfield code="d">Dimensioni: 8 x 8</subfield>
    <subfield code="f">PIRAMIDE</subfield>
    <subfield code="f">SERPENTE</subfield>
    <subfield code="f">OBELISCO</subfield>
    <subfield code="f">PRUDENTIAP</subfield>
    <subfield code="g">1557-1571</subfield>
  </datafield>
</record>
</collection>
